<record><leader>00000cas a22000007a 4500</leader><controlfield tag="001">20546281</controlfield><controlfield tag="008">891025c19739999wyuwn ne     s0   a0eng d</controlfield><datafield ind1=" " ind2=" " tag="010"><subfield code="a">sn 93070075 </subfield></datafield><datafield ind1=" " ind2=" " tag="040"><subfield code="a">WYU</subfield><subfield code="b">eng</subfield><subfield code="c">WYU</subfield><subfield code="d">NVO</subfield><subfield code="d">OCLCQ</subfield><subfield code="d">OCLCF</subfield><subfield code="d">OCLCO</subfield></datafield><datafield ind1="1" ind2=" " tag="029"><subfield code="a">AU@</subfield><subfield code="b">000025898360</subfield></datafield><datafield ind1=" " ind2=" " tag="042"><subfield code="a">msc</subfield></datafield><datafield ind1=" " ind2=" " tag="043"><subfield code="a">n-us-wy</subfield></datafield><datafield ind1=" " ind2=" " tag="090"><subfield code="a">LD6261.8</subfield><subfield code="b">.F32</subfield></datafield><datafield ind1="2" ind2=" " tag="110"><subfield code="a">University of Wyoming.</subfield></datafield><datafield ind1="1" ind2="4" tag="245"><subfield code="a">The Campus pulse.</subfield></datafield><datafield ind1=" " ind2=" " tag="260"><subfield code="a">[Laramie, Wyo.] :</subfield><subfield code="b">University of Wyoming, Division of Communications</subfield></datafield><datafield ind1=" " ind2=" " tag="300"><subfield code="a">v.</subfield></datafield><datafield ind1=" " ind2=" " tag="310"><subfield code="a">Weekly during academic year</subfield></datafield><datafield ind1="1" ind2=" " tag="362"><subfield code="a">Began with 1973/1974 academic year.</subfield></datafield><datafield ind1=" " ind2=" " tag="550"><subfield code="a">Published by: University of Wyoming, Division of Communications, 1973-Feb. 2, 1989; University of Wyoming News Service, Feb. 10, 1989-</subfield></datafield><datafield ind1=" " ind2=" " tag="588"><subfield code="a">Description based on: Vol. 11, no. 2 (Sept. 7, 1973).</subfield></datafield><datafield ind1="2" ind2="0" tag="610"><subfield code="a">University of Wyoming</subfield><subfield code="x">Employees</subfield><subfield code="v">Newspapers.</subfield></datafield><datafield ind1="2" ind2="0" tag="610"><subfield code="a">University of Wyoming</subfield><subfield code="x">Faculty</subfield><subfield code="v">Newspapers.</subfield></datafield><datafield ind1="2" ind2="0" tag="610"><subfield code="a">University of Wyoming</subfield><subfield code="v">Newspapers.</subfield></datafield><datafield ind1=" " ind2="7" tag="655"><subfield code="a">Newspapers.</subfield><subfield code="2">fast</subfield><subfield code="0">(OCoLC)fst01423814</subfield></datafield><datafield ind1="2" ind2="7" tag="610"><subfield code="a">University of Wyoming.</subfield><subfield code="2">fast</subfield><subfield code="0">(OCoLC)fst00537664</subfield></datafield><datafield ind1=" " ind2="7" tag="650"><subfield code="a">Employees.</subfield><subfield code="2">fast</subfield><subfield code="0">(OCoLC)fst00909111</subfield></datafield><datafield ind1=" " ind2="7" tag="650"><subfield code="a">Universities and colleges</subfield><subfield code="x">Faculty.</subfield><subfield code="2">fast</subfield><subfield code="0">(OCoLC)fst01161748</subfield></datafield><datafield ind1=" " ind2=" " tag="752"><subfield code="a">United States</subfield><subfield code="b">Wyoming</subfield><subfield code="c">Albany</subfield><subfield code="d">Laramie.</subfield></datafield><datafield ind1="0" ind2="0" tag="780"><subfield code="a">University of Wyoming.</subfield><subfield code="t">Faculty-staff newsletter</subfield></datafield></record>